@inproceedings{sedhain2015autorec,
  title={Autorec: Autoencoders meet collaborative filtering},
  author={Sedhain, Suvash and Menon, Aditya Krishna and Sanner, Scott and Xie, Lexing},
  booktitle={Proceedings of the 24th international conference on World Wide Web},
  pages={111--112},
  year={2015}
}

@inproceedings{tang2018personalized,
  title={Personalized top-n sequential recommendation via convolutional sequence embedding},
  author={Tang, Jiaxi and Wang, Ke},
  booktitle={Proceedings of the eleventh ACM international conference on web search and data mining},
  pages={565--573},
  year={2018}
}

@article{hidasi2015session,
  title={Session-based recommendations with recurrent neural networks},
  author={Hidasi, Bal{\'a}zs and Karatzoglou, Alexandros and Baltrunas, Linas and Tikk, Domonkos},
  journal={arXiv preprint arXiv:1511.06939},
  year={2015}
}


@inproceedings{zheng_drn_2018,
	address = {Lyon, France},
	title = {{DRN}: {A} {Deep} {Reinforcement} {Learning} {Framework} for {News} {Recommendation}},
	copyright = {http://www.acm.org/publications/policies/copyright\_policy\#Background},
	isbn = {978-1-4503-5639-8},
	shorttitle = {{DRN}},
	url = {http://dl.acm.org/citation.cfm?doid=3178876.3185994},
	doi = {10.1145/3178876.3185994},
	language = {en},
	urldate = {2025-03-10},
	booktitle = {Proceedings of the 2018 {World} {Wide} {Web} {Conference} on {World} {Wide} {Web} - {WWW} '18},
	publisher = {ACM Press},
	author = {Zheng, Guanjie and Zhang, Fuzheng and Zheng, Zihan and Xiang, Yang and Yuan, Nicholas Jing and Xie, Xing and Li, Zhenhui},
	year = {2018},
	pages = {167--176},
	file = {Full Text PDF:C\:\\Users\\0xc00\\Zotero\\storage\\BC58LSTC\\Zheng et al. - 2018 - DRN A Deep Reinforcement Learning Framework for News Recommendation.pdf:application/pdf},
}
